<collection xmlns="http://www.loc.gov/MARC21/slim">
<record>
  <leader>00528na 0a22001331i 450 </leader>
  <controlfield tag="001">IT\ICCU\CNCE\074450</controlfield>
  <controlfield tag="005">20090812000000.0</controlfield>
  <datafield tag="100" ind1=" " ind2=" ">
    <subfield code="a">20090812             0itac0103    ba</subfield>
  </datafield>
  <datafield tag="101" ind1=" " ind2=" ">
    <subfield code="a">LAT</subfield>
  </datafield>
  <datafield tag="200" ind1="1" ind2=" ">
    <subfield code="a">℗Io. Lodovici Vivis ℗in Bucolica Vergilii interpretatio, potissimum Allegorica, nunc primum in lucem edita</subfield>
  </datafield>
  <datafield tag="700" ind1=" " ind2="1">
    <subfield code="a">Vives,</subfield>
    <subfield code="b">Juan Luis</subfield>
    <subfield code="3">IT\ICCU\CNCA\006590</subfield>
  </datafield>
  <datafield tag="790" ind1=" " ind2="1">
    <subfield code="a">Vives,</subfield>
    <subfield code="b">Joannes Ludovicus</subfield>
    <subfield code="3">IT\ICCU\CNCA\010249</subfield>
    <subfield code="z">Vives, Juan Luis</subfield>
  </datafield>
  <datafield tag="790" ind1=" " ind2="1">
    <subfield code="a">Vivius,</subfield>
    <subfield code="b">Ioannes</subfield>
    <subfield code="3">IT\ICCU\CNCA\017909</subfield>
    <subfield code="z">Vives, Juan Luis</subfield>
  </datafield>
  <datafield tag="801" ind1=" " ind2="3">
    <subfield code="a">IT</subfield>
    <subfield code="b">ICCU</subfield>
    <subfield code="c">20201115</subfield>
  </datafield>
</record>
</collection>
